%YAML 1.1
%TAG !u! tag:unity3d.com,2011:
--- !u!1001 &100100000
PrefabInstance:
  serializedVersion: 2
  m_RootGameObject: {fileID: 1877927790695216}
  m_Modification:
    m_TransformParent: {fileID: 0}
    m_Modifications: []
    m_RemovedComponents: []
  m_SourcePrefab: {fileID: 0}
--- !u!1 &1877927790695216
GameObject:
  m_CorrespondingSourceObject: {fileID: 0}
  m_PrefabInstance: {fileID: 100100000}
  m_PrefabAsset: {fileID: 0}
  serializedVersion: 5
  m_Component:
  - component: {fileID: 4509729412784386}
  m_Layer: 0
  m_Name: TransitionScreen
  m_TagString: Untagged
  m_Icon: {fileID: 0}
  m_NavMeshLayer: 0
  m_StaticEditorFlags: 0
  m_IsActive: 1
--- !u!4 &4509729412784386
Transform:
  m_CorrespondingSourceObject: {fileID: 0}
  m_PrefabInstance: {fileID: 100100000}
  m_PrefabAsset: {fileID: 0}
  m_GameObject: {fileID: 1877927790695216}
  m_LocalRotation: {x: 0, y: 0, z: 0, w: 1}
  m_LocalPosition: {x: 0, y: 0, z: 0}
  m_LocalScale: {x: 1, y: 1, z: 1}
  m_Children:
  - {fileID: 224995114067259533}
  - {fileID: 4089865341582223}
  m_Father: {fileID: 0}
  m_RootOrder: 0
  m_LocalEulerAnglesHint: {x: 0, y: 0, z: 0}
--- !u!1 &1958804689956795
GameObject:
  m_CorrespondingSourceObject: {fileID: 0}
  m_PrefabInstance: {fileID: 100100000}
  m_PrefabAsset: {fileID: 0}
  serializedVersion: 5
  m_Component:
  - component: {fileID: 224995114067259533}
  - component: {fileID: 223517635194966900}
  - component: {fileID: 114515532809786620}
  - component: {fileID: 114270004780104097}
  m_Layer: 5
  m_Name: Canvas
  m_TagString: Untagged
  m_Icon: {fileID: 0}
  m_NavMeshLayer: 0
  m_StaticEditorFlags: 0
  m_IsActive: 1
--- !u!224 &224995114067259533
RectTransform:
  m_CorrespondingSourceObject: {fileID: 0}
  m_PrefabInstance: {fileID: 100100000}
  m_PrefabAsset: {fileID: 0}
  m_GameObject: {fileID: 1958804689956795}
  m_LocalRotation: {x: 0, y: 0, z: 0, w: 1}
  m_LocalPosition: {x: 0, y: 0, z: 0}
  m_LocalScale: {x: 0, y: 0, z: 0}
  m_Children:
  - {fileID: 224589876771417536}
  m_Father: {fileID: 4509729412784386}
  m_RootOrder: 0
  m_LocalEulerAnglesHint: {x: 0, y: 0, z: 0}
  m_AnchorMin: {x: 0, y: 0}
  m_AnchorMax: {x: 0, y: 0}
  m_AnchoredPosition: {x: 0, y: 0}
  m_SizeDelta: {x: 0, y: 0}
  m_Pivot: {x: 0, y: 0}
--- !u!223 &223517635194966900
Canvas:
  m_CorrespondingSourceObject: {fileID: 0}
  m_PrefabInstance: {fileID: 100100000}
  m_PrefabAsset: {fileID: 0}
  m_GameObject: {fileID: 1958804689956795}
  m_Enabled: 1
  serializedVersion: 3
  m_RenderMode: 0
  m_Camera: {fileID: 0}
  m_PlaneDistance: 100
  m_PixelPerfect: 0
  m_ReceivesEvents: 1
  m_OverrideSorting: 0
  m_OverridePixelPerfect: 0
  m_SortingBucketNormalizedSize: 0
  m_AdditionalShaderChannelsFlag: 0
  m_SortingLayerID: 0
  m_SortingOrder: 300
  m_TargetDisplay: 0
--- !u!114 &114515532809786620
MonoBehaviour:
  m_CorrespondingSourceObject: {fileID: 0}
  m_PrefabInstance: {fileID: 100100000}
  m_PrefabAsset: {fileID: 0}
  m_GameObject: {fileID: 1958804689956795}
  m_Enabled: 1
  m_EditorHideFlags: 0
  m_Script: {fileID: 1980459831, guid: f70555f144d8491a825f0804e09c671c, type: 3}
  m_Name:
  m_EditorClassIdentifier:
  m_UiScaleMode: 0
  m_ReferencePixelsPerUnit: 100
  m_ScaleFactor: 1
  m_ReferenceResolution: {x: 800, y: 600}
  m_ScreenMatchMode: 0
  m_MatchWidthOrHeight: 0
  m_PhysicalUnit: 3
  m_FallbackScreenDPI: 96
  m_DefaultSpriteDPI: 96
  m_DynamicPixelsPerUnit: 1
--- !u!114 &114270004780104097
MonoBehaviour:
  m_CorrespondingSourceObject: {fileID: 0}
  m_PrefabInstance: {fileID: 100100000}
  m_PrefabAsset: {fileID: 0}
  m_GameObject: {fileID: 1958804689956795}
  m_Enabled: 1
  m_EditorHideFlags: 0
  m_Script: {fileID: 1301386320, guid: f70555f144d8491a825f0804e09c671c, type: 3}
  m_Name:
  m_EditorClassIdentifier:
  m_IgnoreReversedGraphics: 1
  m_BlockingObjects: 0
  m_BlockingMask:
    serializedVersion: 2
    m_Bits: 4294967295
--- !u!1 &1220012084015429
GameObject:
  m_CorrespondingSourceObject: {fileID: 0}
  m_PrefabInstance: {fileID: 100100000}
  m_PrefabAsset: {fileID: 0}
  serializedVersion: 5
  m_Component:
  - component: {fileID: 224589876771417536}
  - component: {fileID: 222625722310426303}
  - component: {fileID: 114971795517881637}
  m_Layer: 5
  m_Name: UIFilter
  m_TagString: Untagged
  m_Icon: {fileID: 0}
  m_NavMeshLayer: 0
  m_StaticEditorFlags: 0
  m_IsActive: 1
--- !u!224 &224589876771417536
RectTransform:
  m_CorrespondingSourceObject: {fileID: 0}
  m_PrefabInstance: {fileID: 100100000}
  m_PrefabAsset: {fileID: 0}
  m_GameObject: {fileID: 1220012084015429}
  m_LocalRotation: {x: 0, y: 0, z: 0, w: 1}
  m_LocalPosition: {x: 0, y: 0, z: 0}
  m_LocalScale: {x: 1, y: 1, z: 1}
  m_Children: []
  m_Father: {fileID: 224995114067259533}
  m_RootOrder: 0
  m_LocalEulerAnglesHint: {x: 0, y: 0, z: 0}
  m_AnchorMin: {x: 0, y: 0}
  m_AnchorMax: {x: 1, y: 1}
  m_AnchoredPosition: {x: 0, y: 0}
  m_SizeDelta: {x: 0, y: 0}
  m_Pivot: {x: 0.5, y: 0.5}
--- !u!222 &222625722310426303
CanvasRenderer:
  m_CorrespondingSourceObject: {fileID: 0}
  m_PrefabInstance: {fileID: 100100000}
  m_PrefabAsset: {fileID: 0}
  m_GameObject: {fileID: 1220012084015429}
--- !u!114 &114971795517881637
MonoBehaviour:
  m_CorrespondingSourceObject: {fileID: 0}
  m_PrefabInstance: {fileID: 100100000}
  m_PrefabAsset: {fileID: 0}
  m_GameObject: {fileID: 1220012084015429}
  m_Enabled: 1
  m_EditorHideFlags: 0
  m_Script: {fileID: -765806418, guid: f70555f144d8491a825f0804e09c671c, type: 3}
  m_Name:
  m_EditorClassIdentifier:
  m_Material: {fileID: 0}
  m_Color: {r: 0, g: 0, b: 0, a: 1}
  m_RaycastTarget: 1
  m_OnCullStateChanged:
    m_PersistentCalls:
      m_Calls: []
    m_TypeName: UnityEngine.UI.MaskableGraphic+CullStateChangedEvent, UnityEngine.UI, Version=1.0.0.0, Culture=neutral, PublicKeyToken=null
  m_Sprite: {fileID: 21300000, guid: 722ae5381ac61bb44bcdb4f2c238d447, type: 3}
  m_Type: 0
  m_PreserveAspect: 0
  m_FillCenter: 1
  m_FillMethod: 4
  m_FillAmount: 1
  m_FillClockwise: 1
  m_FillOrigin: 0
  m_UseSpriteMesh: 0
--- !u!1 &1930718461962968
GameObject:
  m_CorrespondingSourceObject: {fileID: 0}
  m_PrefabInstance: {fileID: 100100000}
  m_PrefabAsset: {fileID: 0}
  serializedVersion: 5
  m_Component:
  - component: {fileID: 4089865341582223}
  - component: {fileID: 212890504095432149}
  - component: {fileID: 61188119937783652}
  - component: {fileID: 50251066559725174}
  m_Layer: 0
  m_Name: ObjectFilter
  m_TagString: Untagged
  m_Icon: {fileID: 0}
  m_NavMeshLayer: 0
  m_StaticEditorFlags: 0
  m_IsActive: 1
--- !u!4 &4089865341582223
Transform:
  m_CorrespondingSourceObject: {fileID: 0}
  m_PrefabInstance: {fileID: 100100000}
  m_PrefabAsset: {fileID: 0}
  m_GameObject: {fileID: 1930718461962968}
  m_LocalRotation: {x: 0, y: 0, z: 0, w: 1}
  m_LocalPosition: {x: 0, y: 0, z: 0}
  m_LocalScale: {x: 4, y: 4, z: 4}
  m_Children: []
  m_Father: {fileID: 4509729412784386}
  m_RootOrder: 1
  m_LocalEulerAnglesHint: {x: 0, y: 0, z: 0}
--- !u!212 &212890504095432149
SpriteRenderer:
  m_CorrespondingSourceObject: {fileID: 0}
  m_PrefabInstance: {fileID: 100100000}
  m_PrefabAsset: {fileID: 0}
  m_GameObject: {fileID: 1930718461962968}
  m_Enabled: 1
  m_CastShadows: 0
  m_ReceiveShadows: 0
  m_DynamicOccludee: 1
  m_MotionVectors: 1
  m_LightProbeUsage: 1
  m_ReflectionProbeUsage: 1
  m_RenderingLayerMask: 4294967295
  m_RendererPriority: 0
  m_Materials:
  - {fileID: 10754, guid: 0000000000000000e000000000000000, type: 0}
  m_StaticBatchInfo:
    firstSubMesh: 0
    subMeshCount: 0
  m_StaticBatchRoot: {fileID: 0}
  m_ProbeAnchor: {fileID: 0}
  m_LightProbeVolumeOverride: {fileID: 0}
  m_ScaleInLightmap: 1
  m_PreserveUVs: 0
  m_IgnoreNormalsForChartDetection: 0
  m_ImportantGI: 0
  m_StitchLightmapSeams: 0
  m_SelectedEditorRenderState: 3
  m_MinimumChartSize: 4
  m_AutoUVMaxDistance: 0.5
  m_AutoUVMaxAngle: 89
  m_LightmapParameters: {fileID: 0}
  m_SortingLayerID: 0
  m_SortingLayer: 0
  m_SortingOrder: 300
  m_Sprite: {fileID: 21300000, guid: 722ae5381ac61bb44bcdb4f2c238d447, type: 3}
  m_Color: {r: 1, g: 1, b: 1, a: 0}
  m_FlipX: 0
  m_FlipY: 0
  m_DrawMode: 0
  m_Size: {x: 0.64, y: 0.64}
  m_AdaptiveModeThreshold: 0.5
  m_SpriteTileMode: 0
  m_WasSpriteAssigned: 1
  m_MaskInteraction: 0
--- !u!61 &61188119937783652
BoxCollider2D:
  m_CorrespondingSourceObject: {fileID: 0}
  m_PrefabInstance: {fileID: 100100000}
  m_PrefabAsset: {fileID: 0}
  m_GameObject: {fileID: 1930718461962968}
  m_Enabled: 1
  m_Density: 1
  m_Material: {fileID: 0}
  m_IsTrigger: 0
  m_UsedByEffector: 0
  m_UsedByComposite: 0
  m_Offset: {x: 0, y: 0}
  m_SpriteTilingProperty:
    border: {x: 0, y: 0, z: 0, w: 0}
    pivot: {x: 0.5, y: 0.5}
    oldSize: {x: 0.64, y: 0.64}
    newSize: {x: 0.64, y: 0.64}
    adaptiveTilingThreshold: 0.5
    drawMode: 0
    adaptiveTiling: 0
  m_AutoTiling: 0
  serializedVersion: 2
  m_Size: {x: 2.5, y: 2.5}
  m_EdgeRadius: 0
--- !u!50 &50251066559725174
Rigidbody2D:
  serializedVersion: 4
  m_CorrespondingSourceObject: {fileID: 0}
  m_PrefabInstance: {fileID: 100100000}
  m_PrefabAsset: {fileID: 0}
  m_GameObject: {fileID: 1930718461962968}
  m_BodyType: 2
  m_Simulated: 1
  m_UseFullKinematicContacts: 0
  m_UseAutoMass: 0
  m_Mass: 1
  m_LinearDrag: 0
  m_AngularDrag: 0.05
  m_GravityScale: 1
  m_Material: {fileID: 0}
  m_Interpolate: 0
  m_SleepingMode: 1
  m_CollisionDetection: 0
  m_Constraints: 0
